<?xml version="1.0" encoding="UTF-8"?><collection xmlns="http://www.loc.gov/MARC21/slim"><record><leader>00365nam--2200121-i-4500</leader><controlfield tag="001">000022526</controlfield><controlfield tag="002">20161230</controlfield><controlfield tag="005">20161230201034</controlfield><controlfield tag="008">060222s1000------------r-----000-0-eng-d</controlfield><datafield ind1=" " ind2=" " tag="100"><subfield code="a">Harms, Gunter</subfield></datafield><datafield ind1=" " ind2=" " tag="245"><subfield code="a">Etude des isotopes du potassium datage par la methode potassium-argon.these</subfield></datafield><datafield ind1=" " ind2=" " tag="260"><subfield code="a">Toulouse, La Faculte Des Sciences De L`Univ.,1964. 43 P</subfield></datafield><datafield ind1=" " ind2=" " tag="852"><subfield code="a">22777</subfield></datafield></record></collection>